@article{heryudonoRadialBasisFunction2010a,
 author = {Heryudono, Alfa RH and Driscoll, Tobin A},
 doi = {10.1007/s10915-010-9380-3},
 journal = {Journal of Scientific Computing},
 number = {3},
 pages = {286--300},
 title = {Radial Basis Function Interpolation on Irregular Domain through Conformal Transplantation},
 volume = {44},
 year = {2010}
}

