
@article{lukeParameterEstimationEvaporationDriven2020,
  title = {Parameter {{Estimation}} for {{Evaporation}}-{{Driven Tear Film Thinning}}},
  author = {Luke, Rayanne A. and Braun, Richard J. and Driscoll, Tobin A. and Begley, Carolyn G. and {Awisi-Gyau}, Deborah},
  year = {2020},
  month = jun,
  volume = {82},
  pages = {71},
  issn = {0092-8240, 1522-9602},
  doi = {10.1007/s11538-020-00745-8},
  file = {/Users/driscoll/Dropbox/library/Journal Article/Luke et al-2020-Parameter Estimation for Evaporation-Driven Tear Film.pdf},
  journal = {Bulletin of Mathematical Biology},
  language = {en},
  number = {6}
}


