
@article{lukeParameterEstimation2020,
  title = {Parameter {{Estimation}} for {{Evaporation}}-{{Driven Tear Film Thinning}}},
  author = {Luke, Rayanne A. and Braun, Richard J. and Driscoll, Tobin A. and Begley, Carolyn G. and {Awisi-Gyau}, Deborah},
  year = {2020},
  month = jun,
  journal = {Bulletin of Mathematical Biology},
  volume = {82},
  number = {6},
  pages = {71},
  issn = {0092-8240, 1522-9602},
  doi = {10.1007/s11538-020-00745-8},
  language = {en}
}


