@inproceedings{braunModelsTearBreak2018,
 author = {Braun, Richard J and Zhong, Lan and Driscoll, Tobin A and Begley, Carolyn G and Antwi, Deborah and King-Smith, P Ewen},
 booktitle = {7th European Conference on Computational Fluid Dynamics},
 month = {June},
 title = {Models for Tear Break Up Dynamics and Imaging},
 year = {2018}
}

