@misc{driscollCrashCourseMatlab2003,
 author = {Driscoll, Tobin A},
 publisher = {Department of Mathematical Sciences, University of Delaware, Newark Å‚dots},
 title = {A Crash Course in Matlab},
 year = {2003}
}

