@article{driscollPotentialTheoryMatrix1998a,
 author = {Driscoll, Tobin A and Toh, Kim-Chuan and Trefethen, Lloyd N},
 doi = {10.1137/s0036144596305582},
 journal = {SIAM Review},
 number = {3},
 pages = {547--578},
 title = {From Potential Theory to Matrix Iterations in Six Steps},
 volume = {40},
 year = {1998}
}

