@techreport{driscollMatrixIterationsSix1996,
 author = {Driscoll, Tobin A and Toh, Kim-Chuan and Trefethen, Lloyd N},
 institution = {Cornell University},
 title = {Matrix Iterations: The Six Gaps between Potential Theory and Convergence},
 year = {1996}
}

