@misc{trefethenChebfunVersion2009,
 author = {Trefethen, LN and Hale, N and Platte, RB and Driscoll, TA and Pach√≥n, R},
 title = {Chebfun Version 2},
 year = {2009}
}

