@article{plattePolynomialsPotentialTheory2005a,
 author = {Platte, Rodrigo B and Driscoll, Tobin A},
 doi = {10.1137/040610143},
 journal = {SIAM Journal on Numerical Analysis},
 number = {2},
 pages = {750--766},
 title = {Polynomials and Potential Theory for Gaussian Radial Basis Function Interpolation},
 volume = {43},
 year = {2005}
}

