@article{driscollSearchingRareGrowth2007a,
 author = {Driscoll, Tobin A and Maki, Kara L},
 doi = {10.1137/050637662},
 journal = {SIAM Review},
 number = {4},
 pages = {673--692},
 title = {Searching for Rare Growth Factors Using Multicanonical Monte Carlo Methods},
 volume = {49},
 year = {2007}
}

