@article{broschBlinkCharacterizationUsing2017,
 author = {Brosch, Joseph K and Wu, Ziwei and Begley, Carolyn G and Driscoll, Tobin A and Braun, Richard J},
 journal = {Journal for Modeling in Ophthalmology},
 number = {3},
 pages = {60--81},
 title = {Blink Characterization Using Curve Fitting and Clustering Algorithms},
 volume = {1},
 year = {2017}
}

