@book{driscollSchwarzChristoffelMapping2002,
 author = {Driscoll, Tobin A and Trefethen, Lloyd N},
 publisher = {Cambridge University Press},
 title = {Schwarzâ€“Christoffel Mapping},
 year = {2002}
}

