@article{liComputedTearFilm2015,
 author = {Li, Longfei and Braun, Richard J and Driscoll, Tobin A and Henshaw, William D and Banks, Jeffrey W and King-Smith, P Ewen},
 doi = {10.1093/imammb/dqv013},
 journal = {Mathematical Medicine and Biology},
 number = {2},
 pages = {123--157},
 title = {Computed Tear Film and Osmolarity Dynamics on an Eye-Shaped Domain},
 volume = {33},
 year = {2015}
}

