@article{makiModelTearFilm2019,
 author = {Maki, Kara L and Henshaw, William D and McManus, Alex and Braun, Richard J and Chapp, Dylan M and Driscoll, Tobin A},
 file = {/home/driscoll/Zotero/storage/2VATMXTU/Maki et al. - A model for tear film dynamics during a realistic .pdf},
 journal = {Journal for Modeling in Ophthalmology},
 pages = {21-27},
 title = {A Model for Tear Film Dynamics during a Realistic Blink},
 volume = {3},
 year = {2019}
}

