@book{driscollLearningMATLAB2009,
 author = {Driscoll, Tobin A},
 publisher = {SIAM},
 title = {Learning MATLAB},
 year = {2009}
}

