@article{baggettMostlyLinearModel1995,
 author = {Baggett, Jeffrey S and Driscoll, Tobin A and Trefethen, Lloyd N},
 doi = {10.1063/1.868606},
 journal = {Physics of Fluids},
 number = {4},
 pages = {833--838},
 title = {A Mostly Linear Model of Transition to Turbulence},
 volume = {7},
 year = {1995}
}

