@article{aitonPreconditionedNonlinearIterations2019,
 author = {Aiton, Kevin W and Driscoll, Tobin A},
 journal = {arXiv preprint arXiv:1902.01310},
 title = {Preconditioned Nonlinear Iterations for Overlapping Chebyshev Discretizations with Independent Grids},
 year = {2019}
}

