@article{driscollSimulationParabolicFlow2018,
 author = {Driscoll, Tobin A and Braun, Richard J and Brosch, Joseph K},
 doi = {10.1007/s10665-018-9957-7},
 journal = {Journal of Engineering Mathematics},
 number = {1},
 pages = {111--126},
 title = {Simulation of Parabolic Flow on an Eye-Shaped Domain with Moving Boundary},
 volume = {111},
 year = {2018}
}

