@article{driscollBlockPseudospectralMethods1999,
 author = {Driscoll, Tobin A and Fornberg, Bengt},
 doi = {10.1137/s106482759833320x},
 journal = {SIAM Journal on Scientific Computing},
 number = {3},
 pages = {1146--1167},
 title = {Block Pseudospectral Methods for Maxwell's Equations II: Two-Dimensional, Discontinuous-Coefficient Case},
 volume = {21},
 year = {1999}
}

