@article{driscollAlgorithm756MATLAB1996,
 author = {Driscoll, Tobin A},
 doi = {10.1145/229473.229475},
 journal = {ACM Transactions on Mathematical Software (TOMS)},
 number = {2},
 pages = {168--186},
 title = {Algorithm 756: A MATLAB Toolbox for Schwarz-Christoffel Mapping},
 volume = {22},
 year = {1996}
}

