@article{driscollAlgorithm843Improvements2005,
 author = {Driscoll, Tobin A},
 doi = {10.1145/1067967.1067971},
 journal = {ACM Transactions on Mathematical Software (TOMS)},
 number = {2},
 pages = {239--251},
 title = {Algorithm 843: Improvements to the Schwarz-Christoffel Toolbox for MATLAB},
 volume = {31},
 year = {2005}
}

