@article{fornbergFastSpectralAlgorithm1999a,
 author = {Fornberg, Bengt and Driscoll, Tobin A},
 doi = {10.1006/jcph.1999.6351},
 journal = {Journal of Computational Physics},
 number = {2},
 pages = {456--467},
 title = {A Fast Spectral Algorithm for Nonlinear Wave Equations with Linear Dispersion},
 volume = {155},
 year = {1999}
}

