@article{driscollNonoverlappingDomainDecomposition1999a,
 author = {Driscoll, Tobin A},
 doi = {10.1137/s0036142997324162},
 journal = {SIAM Journal on Numerical Analysis},
 number = {3},
 pages = {922--934},
 title = {A Nonoverlapping Domain Decomposition Method for Symm's Equation for Conformal Mapping},
 volume = {36},
 year = {1999}
}

