@article{driscollPseudospectraWaveEquation1996a,
 author = {Driscoll, Tobin A and Trefethen, Lloyd N},
 doi = {10.1016/0377-0427(95)00021-6},
 journal = {Journal of Computational and Applied Mathematics},
 number = {1},
 pages = {125--142},
 title = {Pseudospectra for the Wave Equation with an Absorbing Boundary},
 volume = {69},
 year = {1996}
}

