@techreport{driscollApproximationsCanonicalElectrostatic2004,
 author = {Driscoll, Tobin A and Pelesko, John A},
 institution = {University of Delaware},
 title = {Approximations in Canonical Electrostatic MEMS Models},
 year = {2004}
}

