@techreport{driscollDomainDecompositionMethods1996,
 author = {Driscoll, Tobin Allen},
 institution = {Cornell University},
 title = {Domain Decomposition Methods for Conformal Mapping and Eigenvalue Problems},
 year = {1996}
}

