@article{driscollComputationalConformalMapping1999,
 author = {Driscoll, Tobin A},
 journal = {SIAM Review},
 number = {4},
 pages = {832--834},
 title = {Computational Conformal Mapping (Book Review)},
 volume = {41},
 year = {1999}
}

