@inproceedings{dengModelProblemTear2012,
 author = {Deng, Quan and Driscoll, Tobin and Braun, Richard},
 booktitle = {APS Meeting Abstracts},
 title = {A Model Problem for Tear Film Distribution on a Moving Rectangular Domain},
 year = {2012}
}

