@techreport{trefethenNewDirectionHydrodynamic1992,
 address = {Washington, DC},
 author = {Trefethen, Lloyd N and Trefethen, Anne E and Reddy, Satish C and Driscoll, Tobin A},
 institution = {NASA},
 number = {NASA-CR-191411, NAS 1.26:191411, ICASE-92-71, AD-A261846},
 title = {A New Direction in Hydrodynamic Stability: Beyond Eigenvalues},
 year = {1992}
}

