@techreport{driscollPseudospectraWaveOperator1993,
 author = {Driscoll, Tobin A and Trefethen, Lloyd N},
 institution = {Cornell University},
 title = {Pseudospectra of the Wave Operator with an Absorbing Boundary},
 year = {1993}
}

