@inproceedings{broschSimulationThinFilm2016,
 author = {Brosch, Joseph and Driscoll, Tobin and Braun, Richard},
 booktitle = {APS March Meeting Abstracts},
 title = {Simulation of Thin Film Equations on an Eye-Shaped Domain with Moving Boundary},
 year = {2016}
}

