@article{delilloComputationMultiplyConnected2006a,
 author = {DeLillo, Thomas K and Driscoll, Tobin A and Elcrat, Alan R and Pfaltzgraff, John A},
 doi = {10.1007/bf03321616},
 journal = {Computational Methods and Function Theory},
 number = {2},
 pages = {301--315},
 title = {Computation of Multiply Connected Schwarz-Christoffel Maps for Exterior Domains},
 volume = {6},
 year = {2006}
}

