@misc{driscollChebfunPDEs2012,
 address = {Banff International Research Station for Mathematical Innovation and Discovery},
 author = {Driscoll, Tobin},
 title = {Chebfun for PDEs},
 year = {2012}
}

