@article{driscollPadebasedAlgorithmOvercoming2001a,
 author = {Driscoll, Tobin A and Fornberg, Bengt},
 doi = {10.1023/a:1016648530648},
 journal = {Numerical Algorithms},
 number = {1},
 pages = {77--92},
 title = {A Pad√©-Based Algorithm for Overcoming the Gibbs Phenomenon},
 volume = {26},
 year = {2001}
}

