@phdthesis{driscollComparisonComputationalEfficiency1991,
 author = {Driscoll, Tobin A},
 school = {Pennsylvania State University},
 title = {Comparison of Computational Efficiency and Sensitivity of Several Solution Algorithms for the Linear-Quadratic Optimal Control Problem},
 type = {PhD Thesis},
 year = {1991}
}

