@inproceedings{zhongModelProblemBlobDriven2015,
 author = {Zhong, Lan and Ketelaar, CF and Braun, RJ and Driscoll, TA and King-Smith, PE and Begley, Carolyn G},
 booktitle = {APS Meeting Abstracts},
 title = {A Model Problem for Blob-Driven Tear Film Breakup (TBU)},
 year = {2015}
}

