@article{dzielskiErrorBoundSolution1993a,
 author = {DZIELSKI, JOHN E and DRISCOLL, TOBIN A},
 doi = {10.1080/00207729308949562},
 journal = {International Journal of Systems Science},
 number = {7},
 pages = {1317--1327},
 title = {Error Bound on the Solution of a Linear Differential Equation in Chebyshev Series},
 volume = {24},
 year = {1993}
}

