@misc{driscollSchwarzChristoffelToolboxMATLAB1994,
 author = {Driscoll, Tobin A},
 title = {Schwarz-Christoffel Toolbox for MATLAB},
 year = {1994}
}

