@book{trefethenExploringODEs2017,
 author = {Trefethen, Lloyd N and Birkisson, √Åsgeir and Driscoll, Tobin A},
 publisher = {SIAM},
 title = {Exploring ODEs},
 year = {2017}
}

