@article{driscollInterpolationLimitIncreasingly2002a,
 author = {Driscoll, Tobin A and Fornberg, Bengt},
 doi = {10.1016/s0898-1221(01)00295-4},
 journal = {Computers & Mathematics with Applications},
 number = {3-5},
 pages = {413--422},
 title = {Interpolation in the Limit of Increasingly Flat Radial Basis Functions},
 volume = {43},
 year = {2002}
}

