@article{nevesAdaptiveMethodsAnalysis2011a,
 author = {Neves, AMA and Driscoll, TA and Heryudono, ARH and Ferreira, AJM and Soares, CMM and Jorge, RMN},
 doi = {10.1080/15376494.2010.528155},
 journal = {Mechanics of Advanced Materials and Structures},
 number = {6},
 pages = {420--430},
 title = {Adaptive Methods for Analysis of Composite Plates with Radial Basis Functions},
 volume = {18},
 year = {2011}
}

