@article{goanoGeneralConformalmappingApproach2001a,
 author = {Goano, Michele and Bertazzi, Francesco and Caravelli, Paolo and Ghione, Giovanni and Driscoll, Tobin A},
 doi = {10.1109/22.942569},
 journal = {IEEE Transactions on Microwave Theory and Techniques},
 number = {9},
 pages = {1573--1580},
 title = {A General Conformal-Mapping Approach to the Optimum Electrode Design of Coplanar Waveguides with Arbitrary Cross Section},
 volume = {49},
 year = {2001}
}

