@article{makiOversetGridMethod2008a,
 author = {Maki, KL and Braun, RJ and Driscoll, TA and King-Smith, PE},
 doi = {10.1093/imammb/dqn013},
 journal = {Mathematical Medicine and Biology},
 number = {3},
 pages = {187--214},
 title = {An Overset Grid Method for the Study of Reflex Tearing},
 volume = {25},
 year = {2008}
}

