@article{aitonAdaptivePartitionUnity2018a,
 author = {Aiton, Kevin W and Driscoll, Tobin A},
 journal = {arXiv preprint arXiv:1805.00423},
 title = {An Adaptive Partition of Unity Method for Multivariate Chebyshev Polynomial Approximations},
 year = {2018}
}

