@inproceedings{mccullochDATADRIVENMATHEMATICAL2014,
 author = {McCulloch, Michael and Chen, Lei and Schleiniger, Gilberto and Driscoll, Tobin},
 booktitle = {Critical Care Medicine},
 pages = {A1414},
 publisher = {LWW},
 title = {DATA DRIVEN MATHEMATICAL MODELING OF THE SINGLE VENTRICLE ANATOMY AND PHYSIOLOGY},
 volume = {42},
 year = {2014}
}

