@incollection{driscollPadebasedInterpretationCorrection2007,
 address = {Potsdam, NY},
 author = {Driscoll, Tobin A and Fornberg, Bengt},
 booktitle = {Advances in the Gibbs Phenomenon, Ed. by A. Jerri},
 publisher = {Sigma Sampling Publishing},
 title = {Pade-Based Interpretation and Correction of the Gibbs Phenomenon},
 year = {2007}
}

