@article{driscollIsospectralShapesNeumann2003a,
 author = {Driscoll, Tobin A and Gottlieb, HPW},
 doi = {10.1103/physreve.68.016702},
 journal = {Physical Review E},
 number = {1},
 pages = {016702},
 title = {Isospectral Shapes with Neumann and Alternating Boundary Conditions},
 volume = {68},
 year = {2003}
}

