@book{driscollChebfunGuide2014,
 author = {Driscoll, Tobin A and Hale, Nicholas and Trefethen, Lloyd N},
 publisher = {Pafnuty Publications, Oxford},
 title = {Chebfun Guide},
 year = {2014}
}

