@article{aitonAdaptivePartitionUnity2018,
 author = {Aiton, Kevin W and Driscoll, Tobin A},
 doi = {10.1137/17m112052x},
 journal = {SIAM Journal on Scientific Computing},
 number = {1},
 pages = {A251--A265},
 title = {An Adaptive Partition of Unity Method for Chebyshev Polynomial Interpolation},
 volume = {40},
 year = {2018}
}

