@inproceedings{braunSoluteDynamicsImaging2015,
 author = {Braun, RJ and Li, Longfei and Henshaw, William and Driscoll, Tobin and King-Smith, PE},
 booktitle = {APS Meeting Abstracts},
 title = {Solute Dynamics and Imaging in the Tear Film on an Eye-Shaped Domain},
 year = {2015}
}

