@article{delilloRadialCircularSlit2008a,
 author = {DeLillo, Thomas K and Driscoll, TA and Elcrat, Alan R and Pfaltzgraff, JA},
 doi = {10.1098/rspa.2008.0006},
 journal = {Proceedings of the Royal Society A: Mathematical, Physical and Engineering Sciences},
 number = {2095},
 pages = {1719--1737},
 title = {Radial and Circular Slit Maps of Unbounded Multiply Connected Circle Domains},
 volume = {464},
 year = {2008}
}

