@article{driscollOptimalDomainSplitting2014,
 author = {Driscoll, Tobin A and Weideman, JAC},
 doi = {10.1137/130919428},
 journal = {SIAM Journal on Numerical Analysis},
 number = {4},
 pages = {1913--1927},
 title = {Optimal Domain Splitting for Interpolation by Chebyshev Polynomials},
 volume = {52},
 year = {2014}
}

