@article{driscollNewDirectionsNumerical2016,
  title = {New Directions in Numerical Computation},
  volume = {63},
  number = {4},
  journal = {Notices of the American Mathematical Society},
  doi = {10.1090/noti1363},
  author = {Driscoll, Tobin A and S{\"u}li, Endre and Townsend, Alex},
  year = {2016},
  pages = {398-400}
}