@techreport{driscollConformalMappingConvergence1994,
 author = {Driscoll, TA and Trefethen, LN},
 institution = {Front Range Scientific Computations, Inc., Boulder, CO (United States Å‚dots},
 title = {Conformal Mapping and Convergence of Krylov Iterations},
 year = {1994}
}

