@article{dengFastTreecodeMultiquadric2012a,
 author = {Deng, Quan and Driscoll, Tobin A},
 doi = {10.1137/110836225},
 journal = {SIAM Journal on Scientific Computing},
 number = {2},
 pages = {A1126--A1140},
 title = {A Fast Treecode for Multiquadric Interpolation with Varying Shape Parameters},
 volume = {34},
 year = {2012}
}

