@inproceedings{driscollUsesBerengerPML1998,
 author = {Driscoll, Tobin A and Fornberg, Bengt},
 booktitle = {IUTAM Symposium on Computational Methods for Unbounded Domains},
 doi = {10.1007/978-94-015-9095-2_10},
 pages = {95--102},
 publisher = {Springer, Dordrecht},
 title = {Uses of the Berenger PML in Pseudospectral Methods for Maxwell's Equations},
 year = {1998}
}

