@article{braunTearFilmBreakup2017,
 author = {Braun, Richard J and Driscoll, Tobin A and Begley, Carolyn G and King-Smith, P Ewen and Siddique, Javed I},
 doi = {10.1093/imammb/dqw023},
 journal = {Mathematical Medicine and Biology},
 number = {2},
 pages = {145--180},
 title = {On Tear Film Breakup (TBU): Dynamics and Imaging},
 volume = {35},
 year = {2017}
}

