@article{ghristStaggeredTimeIntegrators2000a,
 author = {Ghrist, Michelle and Fornberg, Bengt and Driscoll, Tobin A},
 doi = {10.1137/s0036142999351777},
 journal = {SIAM Journal on Numerical Analysis},
 number = {3},
 pages = {718--741},
 title = {Staggered Time Integrators for Wave Equations},
 volume = {38},
 year = {2000}
}

