@article{dengHeatTransferTear2014,
 author = {Deng, Quan and Braun, RJ and Driscoll, Tobin A},
 doi = {10.1063/1.4887341},
 journal = {Physics of Fluids},
 number = {7},
 pages = {071901},
 title = {Heat Transfer and Tear Film Dynamics over Multiple Blink Cycles},
 volume = {26},
 year = {2014}
}

