@article{driscollPracticalGuideBoundary2004,
 author = {Driscoll, Tobin},
 doi = {10.1017/s0022112004008201},
 journal = {Journal of Fluid Mechanics},
 pages = {378--379},
 title = {A Practical Guide to Boundary Element Methods With the Software Library BEMLIB. By C. P OZRIKIDIS. CRC Press, 2002. 440 Pp. ISBN 1584 883235. \$99.95 (Hardback)},
 volume = {505},
 year = {2004}
}

