@article{driscollCompositeRungeKutta2002a,
 author = {Driscoll, Tobin A},
 doi = {10.1006/jcph.2002.7127},
 journal = {Journal of Computational physics},
 number = {2},
 pages = {357--367},
 title = {A Composite Rungeâ€“Kutta Method for the Spectral Solution of Semilinear PDEs},
 volume = {182},
 year = {2002}
}

