@inproceedings{zhongMathematicalModelingGlobDriven2016,
 author = {Zhong, Lan and Ketelaar, Christiaan F and Braun, Richard J and Driscoll, Tobin A and King-Smith, Peter Ewen and Begley, Carolyn G},
 booktitle = {Investigative Ophthalmology & Visual Science},
 publisher = {ASSOC RESEARCH VISION OPHTHALMOLOGY INC 12300 TWINBROOK PARKWAY, ROCKVILLE Å‚dots},
 title = {Mathematical Modeling of Glob-Driven Tear Film Breakup},
 volume = {57},
 year = {2016}
}

