@inproceedings{wojcikPseudospectralMethodsLargescale1997,
 author = {Wojcik, G and Fomberg, B and Waag, R and Carcione, L and Mould, J and Nikodym, L and Driscoll, T},
 booktitle = {1997 IEEE Ultrasonics Symposium Proceedings. An International Symposium (Cat. No. 97CH36118)},
 doi = {10.1109/ultsym.1997.661861},
 pages = {1501--1506},
 publisher = {IEEE},
 title = {Pseudospectral Methods for Large-Scale Bioacoustic Models},
 volume = {2},
 year = {1997}
}

