@article{driscollEigenmodesIsospectralDrums1997a,
 author = {Driscoll, Tobin A},
 doi = {10.1137/s0036144595285069},
 journal = {SIAM Review},
 number = {1},
 pages = {1--17},
 title = {Eigenmodes of Isospectral Drums},
 volume = {39},
 year = {1997}
}

