@article{driscollComplexRegions2019,
 author = {Driscoll, Tobin A},
 doi = {10.21105/joss.01811},
 journal = {Journal of Open Source Software},
 number = {44},
 pages = {1811},
 title = {ComplexRegions.jl: {A} {J}ulia package for regions in the complex plane},
 volume = {4},
 year = {2019}
}

