@article{driscollAutomaticSpectralCollocation2010a,
 author = {Driscoll, Tobin A},
 doi = {10.1016/j.jcp.2010.04.029},
 journal = {Journal of Computational Physics},
 number = {17},
 pages = {5980--5998},
 title = {Automatic Spectral Collocation for Integral, Integro-Differential, and Integrally Reformulated Differential Equations},
 volume = {229},
 year = {2010}
}

