@techreport{birkissonAutomaticLinearityDetection2013,
 author = {Birkisson, Asgeir and Driscoll, Tobin A},
 institution = {Oxford University},
 number = {NA-13-04},
 title = {Automatic Linearity Detection},
 year = {2013}
}

