@inproceedings{lukeFittingSimplifiedModels2021,
 author = {Luke, Rayanne A. and Braun, Richard J and Driscoll, Tobin A and Sinopoli, Dominick and Yawatkar, Vishruta and You, Luyang and Phatak, Ashish and Begley, Carolyn G},
 booktitle = {Investigative Ophthalmology & Visual Science},
 month = {June},
 pages = {1315},
 title = {Fitting Simplified Models to Machine Learning-Identified Tear Film Breakup},
 volume = {62},
 year = {2021}
}

