@article{driscollNumericalConformalMapping1998a,
 author = {Driscoll, Tobin A and Vavasis, Stephen A},
 doi = {10.1137/s1064827596298580},
 journal = {SIAM Journal on Scientific Computing},
 number = {6},
 pages = {1783--1803},
 title = {Numerical Conformal Mapping Using Cross-Ratios and Delaunay Triangulation},
 volume = {19},
 year = {1998}
}

