@article{platteComputingEigenmodesElliptic2004a,
 author = {Platte, Rodrigo B and Driscoll, Tobin A},
 doi = {10.1016/j.camwa.2003.08.007},
 journal = {Computers & Mathematics with Applications},
 number = {3-4},
 pages = {561--576},
 title = {Computing Eigenmodes of Elliptic Operators Using Radial Basis Functions},
 volume = {48},
 year = {2004}
}

