@article{driscollAdaptiveResidualSubsampling2007a,
 author = {Driscoll, Tobin A and Heryudono, Alfa RH},
 doi = {10.1016/j.camwa.2006.06.005},
 journal = {Computers & Mathematics with Applications},
 number = {6},
 pages = {927--939},
 title = {Adaptive Residual Subsampling Methods for Radial Basis Function Interpolation and Collocation Problems},
 volume = {53},
 year = {2007}
}

