@article{platteEigenvalueStabilityRadial2006a,
 author = {Platte, Rodrigo B and Driscoll, Tobin A},
 doi = {10.1016/j.camwa.2006.04.007},
 journal = {Computers & Mathematics with Applications},
 number = {8},
 pages = {1251--1268},
 title = {Eigenvalue Stability of Radial Basis Function Discretizations for Time-Dependent Problems},
 volume = {51},
 year = {2006}
}

