@article{heryudonoSingleequationModelsTear2007,
 author = {Heryudono, A and Braun, RJ and Driscoll, TA and Maki, KL and Cook, LP and King-Smith, PE},
 doi = {10.1093/imammb/dqm004},
 journal = {Mathematical Medicine and Biology},
 number = {4},
 pages = {347--377},
 title = {Single-Equation Models for the Tear Film in a Blink Cycle: Realistic Lid Motion},
 volume = {24},
 year = {2007}
}

