@article{driscollNoteNonsymmetricFinite2000,
 author = {Driscoll, Tobin A and Fornberg, Bengt},
 doi = {10.1006/jcph.2000.6524},
 journal = {Journal of Computational Physics},
 number = {2},
 pages = {723--727},
 title = {Note on Nonsymmetric Finite Differences for Maxwell's Equations},
 volume = {161},
 year = {2000}
}

