@article{collinsCurvatureFlowConformal2004,
 author = {Collins, Charles R and Driscoll, Tobin A and Stephenson, Kenneth},
 doi = {10.1007/bf03321041},
 journal = {Computational Methods and Function Theory},
 number = {1},
 pages = {325--347},
 title = {Curvature Flow in Conformal Mapping},
 volume = {3},
 year = {2004}
}

