@techreport{driscollImprovedSchwarzChrisoffelToolbox2003,
 author = {Driscoll, Tobin A},
 institution = {Mathematical Sciences Department},
 title = {An Improved Schwarz-Chrisoffel Toolbox for MATLAB},
 year = {2003}
}

