@article{braunThinFilmDynamics2012,
 author = {Braun, RJ and Usha, R and McFadden, GB and Driscoll, TA and Cook, LP and King-Smith, Peter Ewen},
 doi = {10.1007/s10665-011-9482-4},
 journal = {Journal of Engineering Mathematics},
 number = {1},
 pages = {121--138},
 title = {Thin Film Dynamics on a Prolate Spheroid with Application to the Cornea},
 volume = {73},
 year = {2012}
}

