@article{driscollBlockPseudospectralMethod1998a,
 author = {Driscoll, Tobin A and Fornberg, Bengt},
 doi = {10.1006/jcph.1998.5883},
 journal = {Journal of Computational Physics},
 number = {1},
 pages = {47--65},
 title = {A Block Pseudospectral Method for Maxwell's Equations: I. One-Dimensional Case},
 volume = {140},
 year = {1998}
}

