@article{driscollChebopSystemAutomatic2008a,
 author = {Driscoll, Tobin A and Bornemann, Folkmar and Trefethen, Lloyd N},
 doi = {10.1007/s10543-008-0198-4},
 journal = {BIT Numerical Mathematics},
 number = {4},
 pages = {701--723},
 title = {The Chebop System for Automatic Solution of Differential Equations},
 volume = {48},
 year = {2008}
}

