
@article{driscollAutomaticDetectionCorneaLocation2021,
  title = {Automatic detection of the cornea location in video captures of fluorescence},
  author = {Driscoll, Tobin A. and Begley, Carolyn G. and Braun, Richard J.},
  year = {to appear},
  journal = {Modeling and Artificial Intelligence in Ophthalmology},
  language = {en}
}


