@article{trefethenHydrodynamicStabilityEigenvalues1993a,
 author = {Trefethen, Lloyd N and Trefethen, Anne E and Reddy, Satish C and Driscoll, Tobin A},
 doi = {10.1126/science.261.5121.578},
 journal = {Science},
 number = {5121},
 pages = {578--584},
 title = {Hydrodynamic Stability without Eigenvalues},
 volume = {261},
 year = {1993}
}

