@inproceedings{liCouplingOsmolarityDynamics2013,
 author = {Li, Longfei and Braun, RJ and Driscoll, TA and Henshaw, WD and Banks, JW and King-Smith, PE},
 booktitle = {APS Meeting Abstracts},
 title = {Coupling Osmolarity Dynamics within Human Tear Film on an Eye-Shaped Domain},
 year = {2013}
}

