@techreport{driscollSchwarzChristoffelToolboxUser1994,
 author = {Driscoll, Tobin A},
 institution = {Cornell University},
 title = {Schwarz-Christoffel Toolbox User's Guide},
 year = {1994}
}

