@article{driscollRectangularSpectralCollocation2015,
 author = {Driscoll, Tobin A and Hale, Nicholas},
 doi = {10.1093/imanum/dru062},
 journal = {IMA Journal of Numerical Analysis},
 number = {1},
 pages = {108--132},
 title = {Rectangular Spectral Collocation},
 volume = {36},
 year = {2015}
}

