@article{fornbergObservationsBehaviorRadial2002a,
 author = {Fornberg, Bengt and Driscoll, Tobin A and Wright, Grady and Charles, Richard},
 doi = {10.1016/s0898-1221(01)00299-1},
 journal = {Computers & Mathematics with Applications},
 number = {3-5},
 pages = {473--490},
 title = {Observations on the Behavior of Radial Basis Function Approximations near Boundaries},
 volume = {43},
 year = {2002}
}

