@article{peleskoEffectSmallaspectratioApproximation2005,
 author = {Pelesko, John A and Driscoll, Tobin A},
 doi = {10.1007/s10665-005-9013-2},
 journal = {Journal of Engineering Mathematics},
 number = {3-4},
 pages = {239--252},
 title = {The Effect of the Small-Aspect-Ratio Approximation on Canonical Electrostatic MEMS Models},
 volume = {53},
 year = {2005}
}

