@inproceedings{trefethenSchwarzChristoffelMappingComputer1998,
 author = {Trefethen, Lloyd N and Driscoll, Tobin A},
 booktitle = {Proceedings of the International Congress of Mathematicians},
 pages = {533--542},
 title = {Schwarz-Christoffel Mapping in the Computer Era},
 volume = {3},
 year = {1998}
}

