@techreport{vavasisNumericalConformalMapping1996,
 author = {Vavasis, Stephen A},
 institution = {Cornell Theory Center, Cornell University},
 title = {Numerical Conformal Mapping Using Cross-Ratios and Delaunay Triangulation},
 year = {1996}
}

