@inproceedings{ketelaarTearFilmDynamics2015,
 author = {Ketelaar, Christiaan and Zhong, Lan and Braun, RJ and Driscoll, TA and King-Smith, PE and Begley, CG},
 booktitle = {APS Meeting Abstracts},
 title = {Tear Film Dynamics Around a Rigid Model Blob},
 year = {2015}
}

