@inproceedings{braunRecentProgressModeling2008,
 author = {Braun, Richard and McFadden, Jeff and Ranganathan, Usha and Driscoll, Tobin and King-Smith, Ewen},
 booktitle = {APS Division of Fluid Dynamics Meeting Abstracts},
 title = {Recent Progress on Modeling the Human Tear Film},
 year = {2008}
}

