@article{usherTransformativeModelUndergraduate2010a,
 author = {Usher, David C and Driscoll, Tobin A and Dhurjati, Prasad and Pelesko, John A and Rossi, Louis F and Schleiniger, Gilberto and Pusecker, Kathleen and White, Harold B},
 doi = {10.1187/cbe.10-03-0029},
 journal = {CBEâ€”Life Sciences Education},
 number = {3},
 pages = {181--188},
 title = {A Transformative Model for Undergraduate Quantitative Biology Education},
 volume = {9},
 year = {2010}
}

