@inproceedings{driscollNumericalExaminationModel2003,
 author = {Driscoll, Tobin and Rossi, Louis},
 booktitle = {APS Division of Fluid Dynamics Meeting Abstracts},
 title = {Numerical Examination of a Model of Thermo-Acoustic Instabilites in Lean, Pre-Mixed Combustors.},
 year = {2003}
}

