@inproceedings{makiOversetGridMethod2007,
 author = {Maki, Kara L and Braun, RJ and Driscoll, TA and Heryudono, A and King-Smith, PE and Fast, P},
 booktitle = {APS Division of Fluid Dynamics Meeting Abstracts},
 title = {A Overset Grid Method for Fourth Order Evolution Equations of Human Tear Film},
 year = {2007}
}

