@article{aitonAdaptiveMultivarite2019,
 author = {Aiton, Kevin W and Driscoll, Tobin A},
 journal = {SIAM Journal on Scientific Computation},
 title = {An Adaptive Partition of Unity Method for Multivariate Chebyshev Polynomial Approximations},
 volume = {41},
 number = {5},
 pages = {A3230--A3245},
 doi = {10.1137/18M1184904},
 year = {2019}
}

