@misc{driscollOpenSourceSoftware2015,
 address = {Banff International Research Station for Mathematical Innovation and Discovery},
 author = {Driscoll, Tobin},
 title = {An Open Source Software Project for Numerical Conformal Mapping},
 year = {2015}
}

