@article{birkissonAutomaticFrechetDifferentiation2012a,
 author = {Birkisson, Asgeir and Driscoll, Tobin A},
 doi = {10.1145/2331130.2331134},
 journal = {ACM Transactions on Mathematical Software (TOMS)},
 number = {4},
 pages = {26},
 title = {Automatic Fr√©chet Differentiation for the Numerical Solution of Boundary-Value Problems},
 volume = {38},
 year = {2012}
}

