@book{driscollFundamentalsNumericalComputation2017,
 author = {Driscoll, Tobin A and Braun, Richard J},
 publisher = {SIAM},
 title = {Fundamentals of Numerical Computation},
 year = {2017}
}

