@article{dengModelTearFilm2013,
 author = {Deng, Quan and Braun, Richard J and Driscoll, TA and King-Smith, P Ewen},
 doi = {10.1615/interfacphenomheattransfer.v1.i4.40},
 journal = {Interfacial Phenomena and Heat Transfer},
 number = {4},
 title = {A Model for the Tear Film and Ocular Surface Temperature for Partial Blinks},
 volume = {1},
 year = {2013}
}

