@inproceedings{driscollComputationalEfficiencyFunctional1992,
 author = {Driscoll, TA and Dzielski, JE},
 booktitle = {Proceedings of the 31st IEEE Conference on Decision and Control},
 doi = {10.1109/cdc.1992.371773},
 pages = {143--144},
 publisher = {IEEE},
 title = {Computational Efficiency of a Functional Expansion Algorithm for Linear Quadratic Optimal Control},
 year = {1992}
}

