@inproceedings{stapfModelingTearFilm2015,
 author = {Stapf, Michael and Braun, Richard and Begley, Carolyn and Driscoll, Tobin and King-Smith, Peter Ewen},
 booktitle = {APS Meeting Abstracts},
 title = {Modeling Tear Film Evaporation and Breakup with Duplex Films},
 year = {2015}
}

